<?xml version="1.0" encoding="UTF-8"?>
<record>
  <leader>03131pem a2200793 cb4500</leader>
  <controlfield tag="003">DE-605</controlfield>
  <controlfield tag="005">20250121115320.0</controlfield>
  <controlfield tag="007">a|||||||</controlfield>
  <controlfield tag="008">241014s2024    gw |||||||a||   ||||ger c</controlfield>
  <controlfield tag="001">99374868243506441</controlfield>
  <datafield tag="015" ind1=" " ind2=" ">
    <subfield code="a">24,C03</subfield>
    <subfield code="z">23,N50</subfield>
    <subfield code="2">dnb</subfield>
  </datafield>
  <datafield tag="016" ind1="7" ind2=" ">
    <subfield code="a">1312088311</subfield>
    <subfield code="2">DE-101</subfield>
  </datafield>
  <datafield tag="016" ind1="7" ind2=" ">
    <subfield code="a">1459708359</subfield>
    <subfield code="2">(OCoLC)</subfield>
  </datafield>
  <datafield tag="020" ind1=" " ind2=" ">
    <subfield code="a">9783826423475</subfield>
    <subfield code="c">keine Bindung : EUR 11.95 (DE), EUR 12.95 (AT), CHF 17.90 (freier Preis)</subfield>
    <subfield code="9">978-3-8264-2347-5</subfield>
  </datafield>
  <datafield tag="020" ind1=" " ind2=" ">
    <subfield code="a">382642347X</subfield>
    <subfield code="9">3-8264-2347-X</subfield>
  </datafield>
  <datafield tag="024" ind1="3" ind2=" ">
    <subfield code="a">9783826423475</subfield>
  </datafield>
  <datafield tag="034" ind1="0" ind2=" ">
    <subfield code="a">a</subfield>
    <subfield code="d">E 006 10 00</subfield>
    <subfield code="e">E 008 50 00</subfield>
    <subfield code="f">N 050 30 00</subfield>
    <subfield code="g">N 049 00 00</subfield>
    <subfield code="9">A:agx</subfield>
  </datafield>
  <datafield tag="034" ind1="0" ind2=" ">
    <subfield code="a">a</subfield>
    <subfield code="d">E006.166666</subfield>
    <subfield code="e">E008.833333</subfield>
    <subfield code="f">N050.500000</subfield>
    <subfield code="g">N049.000000</subfield>
    <subfield code="9">A:dgx</subfield>
  </datafield>
  <datafield tag="035" ind1=" " ind2=" ">
    <subfield code="a">(DE-605)HT030866325</subfield>
  </datafield>
  <datafield tag="040" ind1=" " ind2=" ">
    <subfield code="a">DE-6</subfield>
    <subfield code="b">ger</subfield>
    <subfield code="c">DE-6</subfield>
    <subfield code="d">DE-6</subfield>
    <subfield code="e">rda</subfield>
  </datafield>
  <datafield tag="041" ind1=" " ind2=" ">
    <subfield code="a">ger</subfield>
    <subfield code="a">mul</subfield>
  </datafield>
  <datafield tag="044" ind1=" " ind2=" ">
    <subfield code="c">XA-DE-BW</subfield>
  </datafield>
  <datafield tag="084" ind1=" " ind2=" ">
    <subfield code="a">910</subfield>
    <subfield code="a">914.3</subfield>
    <subfield code="2">sdnb</subfield>
  </datafield>
  <datafield tag="084" ind1=" " ind2=" ">
    <subfield code="a">Eifel</subfield>
    <subfield code="0">https://nwbib.de/spatial#N28</subfield>
    <subfield code="2">nwbib</subfield>
  </datafield>
  <datafield tag="084" ind1=" " ind2=" ">
    <subfield code="a">Karten</subfield>
    <subfield code="0">https://nwbib.de/subjects#N126000</subfield>
    <subfield code="2">nwbib</subfield>
  </datafield>
  <datafield tag="110" ind1="2" ind2=" ">
    <subfield code="a">Mairdumont GmbH &amp; Co. KG</subfield>
    <subfield code="0">(DE-588)1065096801</subfield>
    <subfield code="4">ctg</subfield>
    <subfield code="0">https://d-nb.info/gnd/1065096801</subfield>
    <subfield code="0">http://viaf.org/viaf/155195168</subfield>
    <subfield code="B">GND-1065096801</subfield>
  </datafield>
  <datafield tag="245" ind1="1" ind2="0">
    <subfield code="a">Mosel, Hunsrück, Eifel &amp; Pfälzerwald</subfield>
    <subfield code="b">Regionalkarte : aus einer anderen Perspektive die Umgebung erleben</subfield>
    <subfield code="c">Kartographie: © KOMPASS-Karten GmbH ; unter Verwendung von Kartendaten: © MairDumont</subfield>
  </datafield>
  <datafield tag="246" ind1="1" ind2=" ">
    <subfield code="i">Abweichender Titel auf dem Umschlag</subfield>
    <subfield code="a">ADAC Mosel, Hunsrück, Eifel &amp; Pfälzerwald</subfield>
  </datafield>
  <datafield tag="246" ind1="1" ind2=" ">
    <subfield code="i">Abweichender Titel auf dem Rücken</subfield>
    <subfield code="a">Mosel, Hunsrück, Eifel ...</subfield>
  </datafield>
  <datafield tag="250" ind1=" " ind2=" ">
    <subfield code="a">2. [Auflage], [Laufzeit]  2028</subfield>
  </datafield>
  <datafield tag="255" ind1=" " ind2=" ">
    <subfield code="a">1:150 000</subfield>
  </datafield>
  <datafield tag="259" ind1=" " ind2=" ">
    <subfield code="a">12</subfield>
  </datafield>
  <datafield tag="264" ind1=" " ind2="1">
    <subfield code="a">Ostfildern</subfield>
    <subfield code="b">MairDumont GmbH &amp; Co. KG</subfield>
    <subfield code="c">[2024]</subfield>
  </datafield>
  <datafield tag="300" ind1=" " ind2=" ">
    <subfield code="a">1 Karte in 3 Teilen</subfield>
    <subfield code="b">beidseitig</subfield>
    <subfield code="c">auf Blatt 68 x 140 cm, gefaltet im Umschlag 25 x 13 cm, 150 g</subfield>
    <subfield code="e">1 Beiheft (39 Seiten)</subfield>
  </datafield>
  <datafield tag="336" ind1=" " ind2=" ">
    <subfield code="b">cri</subfield>
  </datafield>
  <datafield tag="337" ind1=" " ind2=" ">
    <subfield code="b">n</subfield>
  </datafield>
  <datafield tag="338" ind1=" " ind2=" ">
    <subfield code="b">nb</subfield>
  </datafield>
  <datafield tag="490" ind1="1" ind2=" ">
    <subfield code="a">ADAC Regionalkarte</subfield>
    <subfield code="v">11</subfield>
  </datafield>
  <datafield tag="689" ind1="0" ind2="0">
    <subfield code="a">Hunsrück</subfield>
    <subfield code="D">g</subfield>
    <subfield code="0">(DE-588)4026217-0</subfield>
    <subfield code="B">GND-040262170</subfield>
  </datafield>
  <datafield tag="689" ind1="0" ind2="1">
    <subfield code="a">Eifel</subfield>
    <subfield code="D">g</subfield>
    <subfield code="0">(DE-588)4013749-1</subfield>
    <subfield code="B">GND-04013749X</subfield>
  </datafield>
  <datafield tag="689" ind1="0" ind2="2">
    <subfield code="a">Pfälzerwald</subfield>
    <subfield code="D">g</subfield>
    <subfield code="0">(DE-588)4045428-9</subfield>
    <subfield code="B">GND-040454282</subfield>
  </datafield>
  <datafield tag="689" ind1="0" ind2="3">
    <subfield code="a">Koblenz</subfield>
    <subfield code="D">g</subfield>
    <subfield code="0">(DE-588)4031410-8</subfield>
    <subfield code="B">GND-040314103</subfield>
  </datafield>
  <datafield tag="689" ind1="0" ind2="4">
    <subfield code="a">Wiesbaden</subfield>
    <subfield code="D">g</subfield>
    <subfield code="0">(DE-588)4066043-6</subfield>
    <subfield code="B">GND-040660435</subfield>
  </datafield>
  <datafield tag="689" ind1="0" ind2="5">
    <subfield code="a">Trier</subfield>
    <subfield code="D">g</subfield>
    <subfield code="0">(DE-588)4060877-3</subfield>
    <subfield code="B">GND-040608778</subfield>
  </datafield>
  <datafield tag="689" ind1="0" ind2="6">
    <subfield code="a">Saarbrücken</subfield>
    <subfield code="D">g</subfield>
    <subfield code="0">(DE-588)4076912-4</subfield>
    <subfield code="B">GND-040769127</subfield>
  </datafield>
  <datafield tag="689" ind1="0" ind2="7">
    <subfield code="a">Karlsruhe</subfield>
    <subfield code="D">g</subfield>
    <subfield code="0">(DE-588)4029713-5</subfield>
    <subfield code="B">GND-040297136</subfield>
  </datafield>
  <datafield tag="689" ind1="0" ind2="8">
    <subfield code="a">Straße</subfield>
    <subfield code="D">s</subfield>
    <subfield code="0">(DE-588)4057883-5</subfield>
    <subfield code="B">GND-040578836</subfield>
  </datafield>
  <datafield tag="689" ind1="0" ind2=" ">
    <subfield code="5">DE-101</subfield>
  </datafield>
  <datafield tag="035" ind1=" " ind2=" ">
    <subfield code="a">(DE-599)DNB1312088311</subfield>
  </datafield>
  <datafield tag="035" ind1=" " ind2=" ">
    <subfield code="a">(OCoLC)1459708359</subfield>
  </datafield>
  <datafield tag="035" ind1=" " ind2=" ">
    <subfield code="a">(DE-101)1312088311</subfield>
  </datafield>
  <datafield tag="960" ind1="1" ind2=" ">
    <subfield code="n">NWBib-6</subfield>
  </datafield>
  <datafield tag="830" ind1=" " ind2="0">
    <subfield code="v">11</subfield>
    <subfield code="9">O:1</subfield>
  </datafield>
  <datafield tag="856" ind1="4" ind2="2">
    <subfield code="m">X:MVB</subfield>
    <subfield code="q">text/html</subfield>
    <subfield code="u">http://deposit.dnb.de/cgi-bin/dokserv?id=7c6192c3b427428789f4e7990f6024ad&amp;prov=M&amp;dok_var=1&amp;dok_ext=htm</subfield>
    <subfield code="3">Inhaltstext</subfield>
  </datafield>
  <datafield tag="710" ind1="2" ind2=" ">
    <subfield code="a">KOMPASS-Karten GmbH</subfield>
    <subfield code="0">(DE-588)1049678648</subfield>
    <subfield code="4">ctg</subfield>
    <subfield code="0">https://d-nb.info/gnd/1049678648</subfield>
    <subfield code="0">http://viaf.org/viaf/123369976</subfield>
    <subfield code="B">GND-1049678648</subfield>
  </datafield>
  <datafield tag="710" ind1="2" ind2=" ">
    <subfield code="a">Mairdumont GmbH &amp; Co. KG</subfield>
    <subfield code="0">(DE-588)1065096801</subfield>
    <subfield code="4">pbl</subfield>
    <subfield code="0">https://d-nb.info/gnd/1065096801</subfield>
    <subfield code="0">http://viaf.org/viaf/155195168</subfield>
    <subfield code="B">GND-1065096801</subfield>
  </datafield>
  <datafield tag="780" ind1="0" ind2="0">
    <subfield code="i">Vorangegangen ist</subfield>
    <subfield code="z">9783826414145</subfield>
  </datafield>
  <datafield tag="653" ind1=" " ind2=" ">
    <subfield code="a">Mainz</subfield>
  </datafield>
  <datafield tag="653" ind1=" " ind2=" ">
    <subfield code="a">Speyer</subfield>
  </datafield>
  <datafield tag="653" ind1=" " ind2=" ">
    <subfield code="a">Trier</subfield>
  </datafield>
  <datafield tag="653" ind1=" " ind2=" ">
    <subfield code="a">Koblenz</subfield>
  </datafield>
  <datafield tag="653" ind1=" " ind2=" ">
    <subfield code="a">Lorelei</subfield>
  </datafield>
  <datafield tag="653" ind1=" " ind2=" ">
    <subfield code="a">Kaiserslautern</subfield>
  </datafield>
  <datafield tag="653" ind1=" " ind2=" ">
    <subfield code="a">Hambacher Schloss</subfield>
  </datafield>
  <datafield tag="653" ind1=" " ind2=" ">
    <subfield code="a">Hohe Eifel</subfield>
  </datafield>
  <datafield tag="653" ind1=" " ind2=" ">
    <subfield code="a">Rhein</subfield>
  </datafield>
  <datafield tag="653" ind1=" " ind2=" ">
    <subfield code="a">Saarbrücken</subfield>
  </datafield>
  <datafield tag="653" ind1=" " ind2=" ">
    <subfield code="a">Karten, Globen / Reisen/Karten, Stadtpläne, Atlanten/Deutschland</subfield>
  </datafield>
  <datafield tag="655" ind1=" " ind2="7">
    <subfield code="a">Karte</subfield>
    <subfield code="0">(DE-588)4029783-4</subfield>
    <subfield code="2">gnd-content</subfield>
  </datafield>
  <datafield tag="MBD" ind1=" " ind2=" ">
    <subfield code="M">49HBZ_NETWORK</subfield>
    <subfield code="i">99374868243506441</subfield>
    <subfield code="n">HBZ Network</subfield>
  </datafield>
  <datafield tag="MNG" ind1=" " ind2=" ">
    <subfield code="c">skuhn_01######49HBZ_ULM</subfield>
    <subfield code="f">DNB NZ</subfield>
    <subfield code="i">marc21</subfield>
    <subfield code="l">83</subfield>
    <subfield code="k">01</subfield>
    <subfield code="e">false</subfield>
    <subfield code="d">2025-01-21 11:53:20 Europe/Berlin</subfield>
    <subfield code="g">99374868243506441</subfield>
    <subfield code="j">60</subfield>
    <subfield code="a">skuhn_01######49HBZ_ULM</subfield>
    <subfield code="b">2024-10-14 10:57:51 Europe/Berlin</subfield>
  </datafield>
  <datafield tag="GKT" ind1="2" ind2=" ">
    <subfield code="a">Mairdumont, Falk</subfield>
    <subfield code="g">Firma</subfield>
    <subfield code="A">GND</subfield>
    <subfield code="B">GND-1065096801</subfield>
    <subfield code="C">410</subfield>
  </datafield>
  <datafield tag="GKT" ind1="2" ind2=" ">
    <subfield code="a">MairDumont</subfield>
    <subfield code="g">Firma</subfield>
    <subfield code="A">GND</subfield>
    <subfield code="B">GND-1065096801</subfield>
    <subfield code="C">410</subfield>
  </datafield>
  <datafield tag="GKT" ind1="2" ind2=" ">
    <subfield code="a">Mair Dumont</subfield>
    <subfield code="g">Firma</subfield>
    <subfield code="A">GND</subfield>
    <subfield code="B">GND-1065096801</subfield>
    <subfield code="C">410</subfield>
  </datafield>
  <datafield tag="GSI" ind1="7" ind2=" ">
    <subfield code="a">1065096801</subfield>
    <subfield code="0">http://d-nb.info/gnd/1065096801</subfield>
    <subfield code="2">gnd</subfield>
    <subfield code="A">GND</subfield>
    <subfield code="B">GND-1065096801</subfield>
    <subfield code="C">024</subfield>
  </datafield>
  <datafield tag="GKT" ind1="2" ind2=" ">
    <subfield code="a">Mairdumont, Falk</subfield>
    <subfield code="g">Firma</subfield>
    <subfield code="A">GND</subfield>
    <subfield code="B">GND-1065096801</subfield>
    <subfield code="C">410</subfield>
  </datafield>
  <datafield tag="GKT" ind1="2" ind2=" ">
    <subfield code="a">MairDumont</subfield>
    <subfield code="g">Firma</subfield>
    <subfield code="A">GND</subfield>
    <subfield code="B">GND-1065096801</subfield>
    <subfield code="C">410</subfield>
  </datafield>
  <datafield tag="GKT" ind1="2" ind2=" ">
    <subfield code="a">Mair Dumont</subfield>
    <subfield code="g">Firma</subfield>
    <subfield code="A">GND</subfield>
    <subfield code="B">GND-1065096801</subfield>
    <subfield code="C">410</subfield>
  </datafield>
  <datafield tag="GSI" ind1="7" ind2=" ">
    <subfield code="a">1065096801</subfield>
    <subfield code="0">http://d-nb.info/gnd/1065096801</subfield>
    <subfield code="2">gnd</subfield>
    <subfield code="A">GND</subfield>
    <subfield code="B">GND-1065096801</subfield>
    <subfield code="C">024</subfield>
  </datafield>
  <datafield tag="GKT" ind1="2" ind2=" ">
    <subfield code="a">MairDumont</subfield>
    <subfield code="b">KOMPASS-Karten</subfield>
    <subfield code="A">GND</subfield>
    <subfield code="B">GND-1049678648</subfield>
    <subfield code="C">410</subfield>
  </datafield>
  <datafield tag="GSI" ind1="7" ind2=" ">
    <subfield code="a">1049678648</subfield>
    <subfield code="0">http://d-nb.info/gnd/1049678648</subfield>
    <subfield code="2">gnd</subfield>
    <subfield code="A">GND</subfield>
    <subfield code="B">GND-1049678648</subfield>
    <subfield code="C">024</subfield>
  </datafield>
  <datafield tag="GST" ind1=" " ind2=" ">
    <subfield code="a">Straßen</subfield>
    <subfield code="A">GND</subfield>
    <subfield code="B">GND-040578836</subfield>
    <subfield code="C">450</subfield>
  </datafield>
  <datafield tag="GSI" ind1="7" ind2=" ">
    <subfield code="a">4057883-5</subfield>
    <subfield code="0">http://d-nb.info/gnd/4057883-5</subfield>
    <subfield code="2">gnd</subfield>
    <subfield code="A">GND</subfield>
    <subfield code="B">GND-040578836</subfield>
    <subfield code="C">024</subfield>
  </datafield>
  <datafield tag="GSI" ind1="7" ind2=" ">
    <subfield code="a">4029713-5</subfield>
    <subfield code="0">http://d-nb.info/gnd/4029713-5</subfield>
    <subfield code="2">gnd</subfield>
    <subfield code="A">GND</subfield>
    <subfield code="B">GND-040297136</subfield>
    <subfield code="C">024</subfield>
  </datafield>
  <datafield tag="GSI" ind1="7" ind2=" ">
    <subfield code="a">2892794</subfield>
    <subfield code="2">geonames</subfield>
    <subfield code="A">GND</subfield>
    <subfield code="B">GND-040297136</subfield>
    <subfield code="C">024</subfield>
  </datafield>
  <datafield tag="GGN" ind1=" " ind2=" ">
    <subfield code="a">Karlsrūe</subfield>
    <subfield code="A">GND</subfield>
    <subfield code="B">GND-040297136</subfield>
    <subfield code="C">451</subfield>
  </datafield>
  <datafield tag="GGN" ind1=" " ind2=" ">
    <subfield code="a">KA</subfield>
    <subfield code="4">abku</subfield>
    <subfield code="i">Abkuerzung</subfield>
    <subfield code="A">GND</subfield>
    <subfield code="B">GND-040297136</subfield>
    <subfield code="C">451</subfield>
  </datafield>
  <datafield tag="GGN" ind1=" " ind2=" ">
    <subfield code="a">Carlsruhe</subfield>
    <subfield code="A">GND</subfield>
    <subfield code="B">GND-040297136</subfield>
    <subfield code="C">451</subfield>
  </datafield>
  <datafield tag="GGN" ind1=" " ind2=" ">
    <subfield code="a">Stadt Karlsruhe</subfield>
    <subfield code="A">GND</subfield>
    <subfield code="B">GND-040297136</subfield>
    <subfield code="C">451</subfield>
  </datafield>
  <datafield tag="GGN" ind1=" " ind2=" ">
    <subfield code="a">Residenzstadt Karlsruhe</subfield>
    <subfield code="A">GND</subfield>
    <subfield code="B">GND-040297136</subfield>
    <subfield code="C">451</subfield>
  </datafield>
  <datafield tag="GGN" ind1=" " ind2=" ">
    <subfield code="a">Landeshauptstadt Karlsruhe</subfield>
    <subfield code="A">GND</subfield>
    <subfield code="B">GND-040297136</subfield>
    <subfield code="C">451</subfield>
  </datafield>
  <datafield tag="GSI" ind1="7" ind2=" ">
    <subfield code="a">4076912-4</subfield>
    <subfield code="0">http://d-nb.info/gnd/4076912-4</subfield>
    <subfield code="2">gnd</subfield>
    <subfield code="A">GND</subfield>
    <subfield code="B">GND-040769127</subfield>
    <subfield code="C">024</subfield>
  </datafield>
  <datafield tag="GSI" ind1="7" ind2=" ">
    <subfield code="a">2842647</subfield>
    <subfield code="2">geonames</subfield>
    <subfield code="A">GND</subfield>
    <subfield code="B">GND-040769127</subfield>
    <subfield code="C">024</subfield>
  </datafield>
  <datafield tag="GGN" ind1=" " ind2=" ">
    <subfield code="a">Sarrebruck</subfield>
    <subfield code="A">GND</subfield>
    <subfield code="B">GND-040769127</subfield>
    <subfield code="C">451</subfield>
  </datafield>
  <datafield tag="GGN" ind1=" " ind2=" ">
    <subfield code="a">Kommune Saarbrücken</subfield>
    <subfield code="A">GND</subfield>
    <subfield code="B">GND-040769127</subfield>
    <subfield code="C">451</subfield>
  </datafield>
  <datafield tag="GGN" ind1=" " ind2=" ">
    <subfield code="a">Saarbruchen</subfield>
    <subfield code="A">GND</subfield>
    <subfield code="B">GND-040769127</subfield>
    <subfield code="C">451</subfield>
  </datafield>
  <datafield tag="GGN" ind1=" " ind2=" ">
    <subfield code="a">LHS Saarbrücken</subfield>
    <subfield code="A">GND</subfield>
    <subfield code="B">GND-040769127</subfield>
    <subfield code="C">451</subfield>
  </datafield>
  <datafield tag="GGN" ind1=" " ind2=" ">
    <subfield code="a">Stadtgemeinde Saarbrücken</subfield>
    <subfield code="A">GND</subfield>
    <subfield code="B">GND-040769127</subfield>
    <subfield code="C">451</subfield>
  </datafield>
  <datafield tag="GGN" ind1=" " ind2=" ">
    <subfield code="a">Landeshauptstadt Saarbrücken</subfield>
    <subfield code="A">GND</subfield>
    <subfield code="B">GND-040769127</subfield>
    <subfield code="C">451</subfield>
  </datafield>
  <datafield tag="GGN" ind1=" " ind2=" ">
    <subfield code="a">Stadt Saarbrücken</subfield>
    <subfield code="A">GND</subfield>
    <subfield code="B">GND-040769127</subfield>
    <subfield code="C">451</subfield>
  </datafield>
  <datafield tag="GGN" ind1=" " ind2=" ">
    <subfield code="a">Sabrigge</subfield>
    <subfield code="A">GND</subfield>
    <subfield code="B">GND-040769127</subfield>
    <subfield code="C">451</subfield>
  </datafield>
  <datafield tag="GGN" ind1=" " ind2=" ">
    <subfield code="a">Sarburgo</subfield>
    <subfield code="A">GND</subfield>
    <subfield code="B">GND-040769127</subfield>
    <subfield code="C">451</subfield>
  </datafield>
  <datafield tag="GGN" ind1=" " ind2=" ">
    <subfield code="a">Sarbruque</subfield>
    <subfield code="A">GND</subfield>
    <subfield code="B">GND-040769127</subfield>
    <subfield code="C">451</subfield>
  </datafield>
  <datafield tag="GSI" ind1="7" ind2=" ">
    <subfield code="a">4060877-3</subfield>
    <subfield code="0">http://d-nb.info/gnd/4060877-3</subfield>
    <subfield code="2">gnd</subfield>
    <subfield code="A">GND</subfield>
    <subfield code="B">GND-040608778</subfield>
    <subfield code="C">024</subfield>
  </datafield>
  <datafield tag="GSI" ind1="7" ind2=" ">
    <subfield code="a">2821164</subfield>
    <subfield code="2">geonames</subfield>
    <subfield code="A">GND</subfield>
    <subfield code="B">GND-040608778</subfield>
    <subfield code="C">024</subfield>
  </datafield>
  <datafield tag="GGN" ind1=" " ind2=" ">
    <subfield code="a">Augusta Treverorum</subfield>
    <subfield code="9">v:röm.</subfield>
    <subfield code="A">GND</subfield>
    <subfield code="B">GND-040608778</subfield>
    <subfield code="C">451</subfield>
  </datafield>
  <datafield tag="GGN" ind1=" " ind2=" ">
    <subfield code="a">Augusta Treuerorum</subfield>
    <subfield code="A">GND</subfield>
    <subfield code="B">GND-040608778</subfield>
    <subfield code="C">451</subfield>
  </datafield>
  <datafield tag="GGN" ind1=" " ind2=" ">
    <subfield code="a">Treveri</subfield>
    <subfield code="9">v:röm.</subfield>
    <subfield code="A">GND</subfield>
    <subfield code="B">GND-040608778</subfield>
    <subfield code="C">451</subfield>
  </datafield>
  <datafield tag="GGN" ind1=" " ind2=" ">
    <subfield code="a">Treveris</subfield>
    <subfield code="9">v:3. Jh.</subfield>
    <subfield code="A">GND</subfield>
    <subfield code="B">GND-040608778</subfield>
    <subfield code="C">451</subfield>
  </datafield>
  <datafield tag="GGN" ind1=" " ind2=" ">
    <subfield code="a">Trèves</subfield>
    <subfield code="9">v:1798-1815</subfield>
    <subfield code="9">v:Larousse</subfield>
    <subfield code="A">GND</subfield>
    <subfield code="B">GND-040608778</subfield>
    <subfield code="C">451</subfield>
  </datafield>
  <datafield tag="GGN" ind1=" " ind2=" ">
    <subfield code="a">Tréveris</subfield>
    <subfield code="A">GND</subfield>
    <subfield code="B">GND-040608778</subfield>
    <subfield code="C">451</subfield>
  </datafield>
  <datafield tag="GGN" ind1=" " ind2=" ">
    <subfield code="a">Treviri</subfield>
    <subfield code="A">GND</subfield>
    <subfield code="B">GND-040608778</subfield>
    <subfield code="C">451</subfield>
  </datafield>
  <datafield tag="GGN" ind1=" " ind2=" ">
    <subfield code="a">Tréier</subfield>
    <subfield code="A">GND</subfield>
    <subfield code="B">GND-040608778</subfield>
    <subfield code="C">451</subfield>
  </datafield>
  <datafield tag="GGN" ind1=" " ind2=" ">
    <subfield code="a">Trewir</subfield>
    <subfield code="A">GND</subfield>
    <subfield code="B">GND-040608778</subfield>
    <subfield code="C">451</subfield>
  </datafield>
  <datafield tag="GGN" ind1=" " ind2=" ">
    <subfield code="a">Augusta Trevirorum</subfield>
    <subfield code="A">GND</subfield>
    <subfield code="B">GND-040608778</subfield>
    <subfield code="C">451</subfield>
  </datafield>
  <datafield tag="GGN" ind1=" " ind2=" ">
    <subfield code="a">Treviris</subfield>
    <subfield code="A">GND</subfield>
    <subfield code="B">GND-040608778</subfield>
    <subfield code="C">451</subfield>
  </datafield>
  <datafield tag="GSI" ind1="7" ind2=" ">
    <subfield code="a">4066043-6</subfield>
    <subfield code="0">http://d-nb.info/gnd/4066043-6</subfield>
    <subfield code="2">gnd</subfield>
    <subfield code="A">GND</subfield>
    <subfield code="B">GND-040660435</subfield>
    <subfield code="C">024</subfield>
  </datafield>
  <datafield tag="GSI" ind1="7" ind2=" ">
    <subfield code="a">2809346</subfield>
    <subfield code="2">geonames</subfield>
    <subfield code="A">GND</subfield>
    <subfield code="B">GND-040660435</subfield>
    <subfield code="C">024</subfield>
  </datafield>
  <datafield tag="GGN" ind1=" " ind2=" ">
    <subfield code="a">Stadt Wiesbaden</subfield>
    <subfield code="A">GND</subfield>
    <subfield code="B">GND-040660435</subfield>
    <subfield code="C">451</subfield>
  </datafield>
  <datafield tag="GGN" ind1=" " ind2=" ">
    <subfield code="a">Landeshauptstadt Wiesbaden</subfield>
    <subfield code="A">GND</subfield>
    <subfield code="B">GND-040660435</subfield>
    <subfield code="C">451</subfield>
  </datafield>
  <datafield tag="GGN" ind1=" " ind2=" ">
    <subfield code="a">Aquae Mattiacorum</subfield>
    <subfield code="A">GND</subfield>
    <subfield code="B">GND-040660435</subfield>
    <subfield code="C">451</subfield>
  </datafield>
  <datafield tag="GGN" ind1=" " ind2=" ">
    <subfield code="a">Wisibada</subfield>
    <subfield code="A">GND</subfield>
    <subfield code="B">GND-040660435</subfield>
    <subfield code="C">451</subfield>
  </datafield>
  <datafield tag="GSI" ind1="7" ind2=" ">
    <subfield code="a">4031410-8</subfield>
    <subfield code="0">http://d-nb.info/gnd/4031410-8</subfield>
    <subfield code="2">gnd</subfield>
    <subfield code="A">GND</subfield>
    <subfield code="B">GND-040314103</subfield>
    <subfield code="C">024</subfield>
  </datafield>
  <datafield tag="GSI" ind1="7" ind2=" ">
    <subfield code="a">2886946</subfield>
    <subfield code="2">geonames</subfield>
    <subfield code="A">GND</subfield>
    <subfield code="B">GND-040314103</subfield>
    <subfield code="C">024</subfield>
  </datafield>
  <datafield tag="GGN" ind1=" " ind2=" ">
    <subfield code="a">City of Koblenz</subfield>
    <subfield code="A">GND</subfield>
    <subfield code="B">GND-040314103</subfield>
    <subfield code="C">451</subfield>
  </datafield>
  <datafield tag="GGN" ind1=" " ind2=" ">
    <subfield code="a">Confluentes</subfield>
    <subfield code="9">v:röm.</subfield>
    <subfield code="A">GND</subfield>
    <subfield code="B">GND-040314103</subfield>
    <subfield code="C">451</subfield>
  </datafield>
  <datafield tag="GGN" ind1=" " ind2=" ">
    <subfield code="a">Coblenz</subfield>
    <subfield code="9">v:Schreibweise -1926</subfield>
    <subfield code="A">GND</subfield>
    <subfield code="B">GND-040314103</subfield>
    <subfield code="C">451</subfield>
  </datafield>
  <datafield tag="GGN" ind1=" " ind2=" ">
    <subfield code="a">Coblence</subfield>
    <subfield code="A">GND</subfield>
    <subfield code="B">GND-040314103</subfield>
    <subfield code="C">451</subfield>
  </datafield>
  <datafield tag="GGN" ind1=" " ind2=" ">
    <subfield code="a">Stadt Koblenz</subfield>
    <subfield code="A">GND</subfield>
    <subfield code="B">GND-040314103</subfield>
    <subfield code="C">451</subfield>
  </datafield>
  <datafield tag="GGN" ind1=" " ind2=" ">
    <subfield code="a">Coblentz</subfield>
    <subfield code="A">GND</subfield>
    <subfield code="B">GND-040314103</subfield>
    <subfield code="C">451</subfield>
  </datafield>
  <datafield tag="GGN" ind1=" " ind2=" ">
    <subfield code="a">Confluentia</subfield>
    <subfield code="A">GND</subfield>
    <subfield code="B">GND-040314103</subfield>
    <subfield code="C">451</subfield>
  </datafield>
  <datafield tag="GSI" ind1="7" ind2=" ">
    <subfield code="a">4045428-9</subfield>
    <subfield code="0">http://d-nb.info/gnd/4045428-9</subfield>
    <subfield code="2">gnd</subfield>
    <subfield code="A">GND</subfield>
    <subfield code="B">GND-040454282</subfield>
    <subfield code="C">024</subfield>
  </datafield>
  <datafield tag="GGN" ind1=" " ind2=" ">
    <subfield code="a">Pfälzer Wald</subfield>
    <subfield code="A">GND</subfield>
    <subfield code="B">GND-040454282</subfield>
    <subfield code="C">451</subfield>
  </datafield>
  <datafield tag="GSI" ind1="7" ind2=" ">
    <subfield code="a">4013749-1</subfield>
    <subfield code="0">http://d-nb.info/gnd/4013749-1</subfield>
    <subfield code="2">gnd</subfield>
    <subfield code="A">GND</subfield>
    <subfield code="B">GND-04013749X</subfield>
    <subfield code="C">024</subfield>
  </datafield>
  <datafield tag="GSI" ind1="7" ind2=" ">
    <subfield code="a">4026217-0</subfield>
    <subfield code="0">http://d-nb.info/gnd/4026217-0</subfield>
    <subfield code="2">gnd</subfield>
    <subfield code="A">GND</subfield>
    <subfield code="B">GND-040262170</subfield>
    <subfield code="C">024</subfield>
  </datafield>
</record>
